@misc{nvidia:cufft,
	title = {{CUFFT} {\textbar} {NVIDIA} Developer Zone},
	url = {https://developer.nvidia.com/cufft},
	urldate = {2013-05-02},
	journal = {{NVIDIA}},
}

@misc{fftw:benchmarks,
	title = {3.0 {GHz} Intel Core Duo, Intel compilers, 64-bit mode},
	url = {http://www.fftw.org/speed/CoreDuo-3.0GHz-icc64/},
	urldate = {2013-05-02},
}

@INPROCEEDINGS{yamamoto,
author={Yamamoto, T. and Takeda, K. and Adachi, F.},
booktitle={Vehicular Technology Conference Fall (VTC 2010-Fall), 2010 IEEE 72nd},
title={Frequency-Domain Block Signal Detection with QRM-MLD for Frequency-Domain Filtered Single-Carrier Transmission},
year={2010},
pages={1-5},
keywords={discrete Fourier transforms;error statistics;frequency division multiplexing;mobile communication;performance evaluation;signal detection;M-algorithm;QR decomposition;QRM-MLD;bit error rate;discrete Fourier transform;frequency-domain block signal detection;frequency-domain filtered single-carrier transmission;orthogonal frequency division multiplexing;peak-to-average power ratio;performance evaluation;signal transmission;Bandwidth;Bit error rate;Discrete Fourier transforms;Frequency domain analysis;Peak to average power ratio;Throughput},
doi={10.1109/VETECF.2010.5594180},
ISSN={1090-3038},}

@ARTICLE{howard,
author={Howard, S.J. and Pahlavan, K.},
journal={Instrumentation and Measurement, IEEE Transactions on},
title={Measurement and analysis of the indoor radio channel in the frequency domain},
year={1990},
volume={39},
number={5},
pages={751-755},
keywords={correlation methods;frequency-domain analysis;microwave links;microwave measurement;network analysers;radiowave propagation;statistical analysis;telecommunication channels;0.9 to 1.1 GHz;RMS;UHF;delay spread;empirical exponential relationship;frequency correlation function;frequency domain;frequency response measurements;high-rise office building;indoor radio channel;inverse Fourier transform;laboratories;microwave measurement;network analyzer;offices;power-distance relationship;spatially distributed locations;statistics;three-story building;Area measurement;Frequency domain analysis;Frequency measurement;Frequency response;Indoor radio communication;Laboratories;Performance analysis;Radio transmitters;Receivers;Testing},
doi={10.1109/19.58620},
ISSN={0018-9456},}

@article{sorting,
  title={Fast parallel GPU-sorting using a hybrid algorithm},
  author={Sintorn, Erik and Assarsson, Ulf},
  journal={Journal of Parallel and Distributed Computing},
  volume={68},
  number={10},
  pages={1381--1388},
  year={2008},
  publisher={Elsevier}
}

